target_type,property,display_name,source,checkin,previous_price,latest_price,delta_amount,delta_rate,direction,previous_collected_at_jst,latest_collected_at_jst
own_property,miuraya,三浦屋 / Miuraya,booking,2026-06-20,18480,19219,739,0.04,up,2026-06-17T06:00:06+09:00,2026-06-19T02:00:06+09:00
own_property,miuraya,三浦屋 / Miuraya,booking,2026-06-23,16005,16800,795,0.0497,up,2026-06-21T04:00:05+09:00,2026-06-22T04:00:06+09:00
own_property,miuraya,三浦屋 / Miuraya,booking,2026-06-27,19800,19602,-198,-0.01,down,2026-06-25T10:00:06+09:00,2026-06-26T10:00:06+09:00
own_property,miuraya,三浦屋 / Miuraya,booking,2026-07-05,16929,17606,677,0.04,up,2026-07-03T22:00:06+09:00,2026-07-04T22:00:06+09:00
own_property,miuraya,三浦屋 / Miuraya,booking,2026-07-07,14470,11576,-2894,-0.2,down,2026-07-05T06:00:05+09:00,2026-07-06T06:00:05+09:00
own_property,miuraya,三浦屋 / Miuraya,booking,2026-07-11,14113,15682,1569,0.1112,up,2026-07-09T02:00:03+09:00,2026-07-10T02:00:06+09:00
own_property,kiraku,喜らく / ZAO SPA HOTEL Kiraku,booking,2026-07-15,11718,11785,67,0.0057,up,2026-07-13T01:40:56+09:00,2026-07-14T13:35:06+09:00
own_property,miuraya,三浦屋 / Miuraya,booking,2026-07-15,10418,14994,4576,0.4392,up,2026-07-13T01:04:54+09:00,2026-07-14T13:35:06+09:00
own_property,kiraku,喜らく / ZAO SPA HOTEL Kiraku,booking,2026-07-16,12611,11018,-1593,-0.1263,down,2026-07-14T13:35:06+09:00,2026-07-15T13:35:05+09:00
own_property,miuraya,三浦屋 / Miuraya,booking,2026-07-16,17640,14994,-2646,-0.15,down,2026-07-14T10:00:06+09:00,2026-07-15T13:35:05+09:00
own_property,kiraku,喜らく / ZAO SPA HOTEL Kiraku,booking,2026-07-17,11178,12908,1730,0.1548,up,2026-07-15T13:35:05+09:00,2026-07-16T13:35:06+09:00
own_property,kiraku,喜らく / ZAO SPA HOTEL Kiraku,booking,2026-07-19,23046,19589,-3457,-0.15,down,2026-07-17T13:35:06+09:00,2026-07-18T13:35:06+09:00
own_property,miuraya,三浦屋 / Miuraya,jalan,2026-07-19,32789,18500,-14289,-0.4358,down,2026-06-21T20:00:05+09:00,2026-06-23T20:00:05+09:00
own_property,kiraku,喜らく / ZAO SPA HOTEL Kiraku,booking,2026-07-21,11671,10257,-1414,-0.1212,down,2026-07-19T13:35:06+09:00,2026-07-20T13:35:06+09:00
own_property,miuraya,三浦屋 / Miuraya,jalan,2026-07-21,16800,15120,-1680,-0.1,down,2026-06-24T00:00:06+09:00,2026-06-25T20:00:05+09:00
own_property,miuraya,三浦屋 / Miuraya,jalan,2026-07-22,16800,15120,-1680,-0.1,down,2026-06-24T20:00:06+09:00,2026-06-25T20:00:05+09:00
own_property,miuraya,三浦屋 / Miuraya,booking,2026-07-22,16660,14994,-1666,-0.1,down,2026-07-20T13:35:06+09:00,2026-07-21T13:35:05+09:00
own_property,miuraya,三浦屋 / Miuraya,jalan,2026-07-23,16800,13305,-3495,-0.208,down,2026-06-25T22:00:05+09:00,2026-06-28T16:00:06+09:00
own_property,kiraku,喜らく / ZAO SPA HOTEL Kiraku,booking,2026-07-24,11393,13405,2012,0.1766,up,2026-07-22T13:35:06+09:00,2026-07-23T13:35:06+09:00
own_property,kiraku,喜らく / ZAO SPA HOTEL Kiraku,booking,2026-07-26,13311,12699,-612,-0.046,down,2026-07-23T13:35:06+09:00,2026-07-24T13:35:02+09:00
own_property,kiraku,喜らく / ZAO SPA HOTEL Kiraku,booking,2026-07-29,11906,12180,274,0.023,up,2026-07-23T16:00:03+09:00,2026-07-24T16:00:06+09:00
own_property,miuraya,三浦屋 / Miuraya,booking,2026-07-30,14596,16218,1622,0.1111,up,2026-07-23T08:00:07+09:00,2026-07-24T10:00:06+09:00
own_property,miuraya,三浦屋 / Miuraya,booking,2026-08-01,22239,24710,2471,0.1111,up,2026-07-22T18:00:06+09:00,2026-07-24T10:00:06+09:00
own_property,kiraku,喜らく / ZAO SPA HOTEL Kiraku,booking,2026-08-02,11314,13311,1997,0.1765,up,2026-07-22T22:00:06+09:00,2026-07-23T22:00:03+09:00
own_property,miuraya,三浦屋 / Miuraya,booking,2026-08-06,16660,14994,-1666,-0.1,down,2026-07-23T20:00:06+09:00,2026-07-24T20:00:06+09:00
own_property,miuraya,三浦屋 / Miuraya,booking,2026-08-07,14321,16548,2227,0.1555,up,2026-07-22T22:00:06+09:00,2026-07-23T22:00:03+09:00
own_property,miuraya,三浦屋 / Miuraya,jalan,2026-08-09,24800,21824,-2976,-0.12,down,2026-06-26T02:00:05+09:00,2026-06-28T04:00:06+09:00
own_property,miuraya,三浦屋 / Miuraya,jalan,2026-08-10,24800,21824,-2976,-0.12,down,2026-06-26T02:00:05+09:00,2026-06-28T04:00:06+09:00
own_property,kiraku,喜らく / ZAO SPA HOTEL Kiraku,booking,2026-08-11,33323,31472,-1851,-0.0555,down,2026-07-23T12:00:06+09:00,2026-07-24T12:00:06+09:00
own_property,miuraya,三浦屋 / Miuraya,jalan,2026-08-11,24800,21824,-2976,-0.12,down,2026-06-25T04:00:01+09:00,2026-06-28T06:00:05+09:00
own_property,miuraya,三浦屋 / Miuraya,jalan,2026-08-12,24800,21824,-2976,-0.12,down,2026-06-25T04:00:01+09:00,2026-06-28T06:00:05+09:00
own_property,miuraya,三浦屋 / Miuraya,jalan,2026-08-14,24800,21824,-2976,-0.12,down,2026-06-25T08:00:06+09:00,2026-06-29T08:00:05+09:00
own_property,kiraku,喜らく / ZAO SPA HOTEL Kiraku,booking,2026-08-16,13914,16368,2454,0.1764,up,2026-07-22T18:00:06+09:00,2026-07-23T22:00:03+09:00
own_property,miuraya,三浦屋 / Miuraya,jalan,2026-08-16,15576,20010,4434,0.2847,up,2026-06-29T10:00:05+09:00,2026-07-19T00:00:02+09:00
own_property,kiraku,喜らく / ZAO SPA HOTEL Kiraku,booking,2026-08-17,9931,11684,1753,0.1765,up,2026-07-22T20:00:06+09:00,2026-07-24T00:00:02+09:00
own_property,kiraku,喜らく / ZAO SPA HOTEL Kiraku,booking,2026-08-18,9366,11019,1653,0.1765,up,2026-07-23T00:00:03+09:00,2026-07-24T00:00:02+09:00
own_property,kiraku,喜らく / ZAO SPA HOTEL Kiraku,booking,2026-08-19,9366,11019,1653,0.1765,up,2026-07-23T00:00:03+09:00,2026-07-24T02:00:06+09:00
own_property,miuraya,三浦屋 / Miuraya,booking,2026-08-19,17255,15530,-1725,-0.1,down,2026-07-23T20:00:06+09:00,2026-07-24T20:00:06+09:00
own_property,kiraku,喜らく / ZAO SPA HOTEL Kiraku,booking,2026-08-21,14739,15973,1234,0.0837,up,2026-07-20T14:00:06+09:00,2026-07-23T12:00:06+09:00
own_property,kiraku,喜らく / ZAO SPA HOTEL Kiraku,booking,2026-08-22,18785,19669,884,0.0471,up,2026-07-21T12:00:06+09:00,2026-07-24T06:00:06+09:00
own_property,miuraya,三浦屋 / Miuraya,jalan,2026-08-22,17952,23055,5103,0.2843,up,2026-06-28T18:00:05+09:00,2026-07-19T04:00:02+09:00
own_property,kiraku,喜らく / ZAO SPA HOTEL Kiraku,jalan,2026-08-23,17982,17820,-162,-0.009,down,2026-07-19T00:00:02+09:00,2026-07-20T02:00:06+09:00
own_property,miuraya,三浦屋 / Miuraya,booking,2026-08-29,21675,18089,-3586,-0.1654,down,2026-07-13T22:00:01+09:00,2026-07-21T08:00:06+09:00
own_property,miuraya,三浦屋 / Miuraya,booking,2026-09-05,20655,18590,-2065,-0.1,down,2026-07-14T08:00:06+09:00,2026-07-21T10:00:07+09:00
own_property,miuraya,三浦屋 / Miuraya,jalan,2026-09-12,20768,23490,2722,0.1311,up,2026-06-30T12:00:05+09:00,2026-07-19T04:00:02+09:00
own_property,miuraya,三浦屋 / Miuraya,jalan,2026-09-19,24992,28275,3283,0.1314,up,2026-06-30T10:00:06+09:00,2026-07-20T00:00:06+09:00
own_property,miuraya,三浦屋 / Miuraya,jalan,2026-09-21,24288,27492,3204,0.1319,up,2026-06-30T18:00:06+09:00,2026-07-20T02:00:06+09:00
own_property,miuraya,三浦屋 / Miuraya,jalan,2026-10-24,23760,26883,3123,0.1314,up,2026-06-25T10:00:06+09:00,2026-07-19T08:00:06+09:00
own_property,miuraya,三浦屋 / Miuraya,jalan,2026-10-31,23760,26883,3123,0.1314,up,2026-06-14T20:00:06+09:00,2026-07-19T08:00:06+09:00
own_property,miuraya,三浦屋 / Miuraya,jalan,2026-11-07,19712,22272,2560,0.1299,up,2026-06-14T22:00:06+09:00,2026-07-19T12:00:03+09:00
own_property,miuraya,三浦屋 / Miuraya,jalan,2026-11-21,22528,25491,2963,0.1315,up,2026-06-14T22:00:06+09:00,2026-07-19T12:00:03+09:00
own_property,miuraya,三浦屋 / Miuraya,jalan,2026-11-22,21472,24273,2801,0.1304,up,2026-06-15T00:00:02+09:00,2026-07-19T16:00:00+09:00
