target_type,property,display_name,source,checkin,previous_price,latest_price,delta_amount,delta_rate,direction,previous_collected_at_jst,latest_collected_at_jst
own_property,miuraya,三浦屋 / Miuraya,booking,2026-06-20,18480,19219,739,0.04,up,2026-06-17T06:00:06+09:00,2026-06-19T02:00:06+09:00
own_property,miuraya,三浦屋 / Miuraya,booking,2026-06-23,16005,16800,795,0.0497,up,2026-06-21T04:00:05+09:00,2026-06-22T04:00:06+09:00
own_property,miuraya,三浦屋 / Miuraya,booking,2026-06-27,19800,19602,-198,-0.01,down,2026-06-25T10:00:06+09:00,2026-06-26T10:00:06+09:00
own_property,miuraya,三浦屋 / Miuraya,booking,2026-07-05,16929,17606,677,0.04,up,2026-07-03T22:00:06+09:00,2026-07-04T22:00:06+09:00
own_property,miuraya,三浦屋 / Miuraya,booking,2026-07-07,14470,11576,-2894,-0.2,down,2026-07-05T06:00:05+09:00,2026-07-06T06:00:05+09:00
own_property,miuraya,三浦屋 / Miuraya,booking,2026-07-11,14113,15682,1569,0.1112,up,2026-07-09T02:00:03+09:00,2026-07-10T02:00:06+09:00
own_property,kiraku,喜らく / ZAO SPA HOTEL Kiraku,booking,2026-07-15,11718,11785,67,0.0057,up,2026-07-13T01:40:56+09:00,2026-07-14T13:35:06+09:00
own_property,miuraya,三浦屋 / Miuraya,booking,2026-07-15,10418,14994,4576,0.4392,up,2026-07-13T01:04:54+09:00,2026-07-14T13:35:06+09:00
own_property,kiraku,喜らく / ZAO SPA HOTEL Kiraku,booking,2026-07-16,12611,11018,-1593,-0.1263,down,2026-07-14T13:35:06+09:00,2026-07-15T13:35:05+09:00
own_property,miuraya,三浦屋 / Miuraya,booking,2026-07-16,17640,14994,-2646,-0.15,down,2026-07-14T10:00:06+09:00,2026-07-15T13:35:05+09:00
own_property,kiraku,喜らく / ZAO SPA HOTEL Kiraku,booking,2026-07-17,11178,12908,1730,0.1548,up,2026-07-15T13:35:05+09:00,2026-07-16T13:35:06+09:00
own_property,kiraku,喜らく / ZAO SPA HOTEL Kiraku,booking,2026-07-19,23046,19589,-3457,-0.15,down,2026-07-17T13:35:06+09:00,2026-07-18T13:35:06+09:00
own_property,miuraya,三浦屋 / Miuraya,jalan,2026-07-19,32789,18500,-14289,-0.4358,down,2026-06-21T20:00:05+09:00,2026-06-23T20:00:05+09:00
own_property,kiraku,喜らく / ZAO SPA HOTEL Kiraku,booking,2026-07-21,11671,10257,-1414,-0.1212,down,2026-07-19T13:35:06+09:00,2026-07-20T13:35:06+09:00
own_property,miuraya,三浦屋 / Miuraya,jalan,2026-07-21,16800,15120,-1680,-0.1,down,2026-06-24T00:00:06+09:00,2026-06-25T20:00:05+09:00
own_property,kiraku,喜らく / ZAO SPA HOTEL Kiraku,booking,2026-07-22,12088,9475,-2613,-0.2162,down,2026-07-19T00:00:02+09:00,2026-07-20T04:00:06+09:00
own_property,miuraya,三浦屋 / Miuraya,jalan,2026-07-22,16800,15120,-1680,-0.1,down,2026-06-24T20:00:06+09:00,2026-06-25T20:00:05+09:00
own_property,kiraku,喜らく / ZAO SPA HOTEL Kiraku,booking,2026-07-23,11209,9177,-2032,-0.1813,down,2026-07-19T04:00:02+09:00,2026-07-20T06:00:06+09:00
own_property,miuraya,三浦屋 / Miuraya,jalan,2026-07-23,16800,13305,-3495,-0.208,down,2026-06-25T22:00:05+09:00,2026-06-28T16:00:06+09:00
own_property,kiraku,喜らく / ZAO SPA HOTEL Kiraku,booking,2026-07-24,13400,12572,-828,-0.0618,down,2026-07-19T06:00:06+09:00,2026-07-20T08:00:06+09:00
own_property,kiraku,喜らく / ZAO SPA HOTEL Kiraku,booking,2026-07-25,16938,17982,1044,0.0616,up,2026-07-19T08:00:06+09:00,2026-07-20T10:00:01+09:00
own_property,miuraya,三浦屋 / Miuraya,booking,2026-07-25,19125,21250,2125,0.1111,up,2026-07-19T02:00:06+09:00,2026-07-20T02:00:06+09:00
own_property,kiraku,喜らく / ZAO SPA HOTEL Kiraku,booking,2026-07-26,12559,11314,-1245,-0.0991,down,2026-07-19T08:00:06+09:00,2026-07-20T12:00:05+09:00
own_property,kiraku,喜らく / ZAO SPA HOTEL Kiraku,booking,2026-07-27,11595,10224,-1371,-0.1182,down,2026-07-19T10:00:06+09:00,2026-07-20T20:00:06+09:00
own_property,kiraku,喜らく / ZAO SPA HOTEL Kiraku,booking,2026-07-28,12334,10120,-2214,-0.1795,down,2026-07-19T12:00:03+09:00,2026-07-20T14:00:06+09:00
own_property,kiraku,喜らく / ZAO SPA HOTEL Kiraku,booking,2026-07-29,12334,10120,-2214,-0.1795,down,2026-07-19T12:00:03+09:00,2026-07-20T16:00:06+09:00
own_property,kiraku,喜らく / ZAO SPA HOTEL Kiraku,booking,2026-07-30,15022,15173,151,0.0101,up,2026-07-19T14:00:06+09:00,2026-07-20T18:00:06+09:00
own_property,kiraku,喜らく / ZAO SPA HOTEL Kiraku,booking,2026-07-31,13674,12823,-851,-0.0622,down,2026-07-19T14:00:06+09:00,2026-07-20T18:00:06+09:00
own_property,kiraku,喜らく / ZAO SPA HOTEL Kiraku,booking,2026-08-01,14717,15463,746,0.0507,up,2026-07-18T16:00:06+09:00,2026-07-19T22:00:05+09:00
own_property,kiraku,喜らく / ZAO SPA HOTEL Kiraku,booking,2026-08-02,12559,11314,-1245,-0.0991,down,2026-07-19T16:00:00+09:00,2026-07-20T16:00:06+09:00
own_property,kiraku,喜らく / ZAO SPA HOTEL Kiraku,booking,2026-08-03,12334,10120,-2214,-0.1795,down,2026-07-19T02:00:06+09:00,2026-07-20T02:00:06+09:00
own_property,kiraku,喜らく / ZAO SPA HOTEL Kiraku,booking,2026-08-05,13546,13655,109,0.008,up,2026-07-18T18:00:06+09:00,2026-07-19T18:00:06+09:00
own_property,kiraku,喜らく / ZAO SPA HOTEL Kiraku,booking,2026-08-06,13669,13959,290,0.0212,up,2026-07-18T20:00:06+09:00,2026-07-19T20:00:05+09:00
own_property,kiraku,喜らく / ZAO SPA HOTEL Kiraku,booking,2026-08-07,13712,14018,306,0.0223,up,2026-07-18T22:00:06+09:00,2026-07-19T22:00:05+09:00
own_property,miuraya,三浦屋 / Miuraya,booking,2026-08-07,15912,14321,-1591,-0.1,down,2026-07-19T18:00:06+09:00,2026-07-20T18:00:06+09:00
own_property,kiraku,喜らく / ZAO SPA HOTEL Kiraku,booking,2026-08-08,19411,21156,1745,0.0899,up,2026-07-19T00:00:02+09:00,2026-07-20T00:00:06+09:00
own_property,kiraku,喜らく / ZAO SPA HOTEL Kiraku,booking,2026-08-09,19462,20635,1173,0.0603,up,2026-07-19T02:00:06+09:00,2026-07-20T02:00:06+09:00
own_property,miuraya,三浦屋 / Miuraya,jalan,2026-08-09,24800,21824,-2976,-0.12,down,2026-06-26T02:00:05+09:00,2026-06-28T04:00:06+09:00
own_property,miuraya,三浦屋 / Miuraya,booking,2026-08-09,22185,19967,-2218,-0.1,down,2026-07-19T18:00:06+09:00,2026-07-20T18:00:06+09:00
own_property,kiraku,喜らく / ZAO SPA HOTEL Kiraku,booking,2026-08-10,20373,21372,999,0.049,up,2026-07-19T04:00:02+09:00,2026-07-20T04:00:06+09:00
own_property,miuraya,三浦屋 / Miuraya,booking,2026-08-10,26100,22185,-3915,-0.15,down,2026-07-19T20:00:05+09:00,2026-07-20T20:00:06+09:00
own_property,miuraya,三浦屋 / Miuraya,jalan,2026-08-10,24800,21824,-2976,-0.12,down,2026-06-26T02:00:05+09:00,2026-06-28T04:00:06+09:00
own_property,kiraku,喜らく / ZAO SPA HOTEL Kiraku,booking,2026-08-11,24756,26751,1995,0.0806,up,2026-07-19T06:00:06+09:00,2026-07-20T06:00:06+09:00
own_property,miuraya,三浦屋 / Miuraya,booking,2026-08-11,22185,26100,3915,0.1765,up,2026-07-18T20:00:06+09:00,2026-07-19T20:00:05+09:00
own_property,miuraya,三浦屋 / Miuraya,jalan,2026-08-11,24800,21824,-2976,-0.12,down,2026-06-25T04:00:01+09:00,2026-06-28T06:00:05+09:00
own_property,miuraya,三浦屋 / Miuraya,jalan,2026-08-12,24800,21824,-2976,-0.12,down,2026-06-25T04:00:01+09:00,2026-06-28T06:00:05+09:00
own_property,kiraku,喜らく / ZAO SPA HOTEL Kiraku,booking,2026-08-13,26577,27930,1353,0.0509,up,2026-07-18T22:00:06+09:00,2026-07-20T08:00:06+09:00
own_property,kiraku,喜らく / ZAO SPA HOTEL Kiraku,booking,2026-08-14,26941,28815,1874,0.0696,up,2026-07-17T20:00:06+09:00,2026-07-19T20:00:05+09:00
own_property,miuraya,三浦屋 / Miuraya,jalan,2026-08-14,24800,21824,-2976,-0.12,down,2026-06-25T08:00:06+09:00,2026-06-29T08:00:05+09:00
own_property,kiraku,喜らく / ZAO SPA HOTEL Kiraku,booking,2026-08-15,22358,24389,2031,0.0908,up,2026-07-17T22:00:05+09:00,2026-07-20T00:00:06+09:00
own_property,kiraku,喜らく / ZAO SPA HOTEL Kiraku,booking,2026-08-16,18727,16293,-2434,-0.13,down,2026-07-17T22:00:05+09:00,2026-07-19T16:00:00+09:00
own_property,miuraya,三浦屋 / Miuraya,jalan,2026-08-16,15576,20010,4434,0.2847,up,2026-06-29T10:00:05+09:00,2026-07-19T00:00:02+09:00
own_property,kiraku,喜らく / ZAO SPA HOTEL Kiraku,booking,2026-08-17,13894,9931,-3963,-0.2852,down,2026-07-18T00:00:01+09:00,2026-07-20T10:00:01+09:00
own_property,kiraku,喜らく / ZAO SPA HOTEL Kiraku,booking,2026-08-21,15717,14739,-978,-0.0622,down,2026-07-18T02:00:06+09:00,2026-07-20T14:00:06+09:00
own_property,miuraya,三浦屋 / Miuraya,jalan,2026-08-22,17952,23055,5103,0.2843,up,2026-06-28T18:00:05+09:00,2026-07-19T04:00:02+09:00
own_property,kiraku,喜らく / ZAO SPA HOTEL Kiraku,jalan,2026-08-23,17982,17820,-162,-0.009,down,2026-07-19T00:00:02+09:00,2026-07-20T02:00:06+09:00
own_property,miuraya,三浦屋 / Miuraya,booking,2026-08-29,19470,21675,2205,0.1133,up,2026-06-15T00:00:02+09:00,2026-07-13T22:00:01+09:00
own_property,miuraya,三浦屋 / Miuraya,booking,2026-09-05,19470,20655,1185,0.0609,up,2026-06-15T00:00:02+09:00,2026-07-14T08:00:06+09:00
own_property,miuraya,三浦屋 / Miuraya,jalan,2026-09-12,20768,23490,2722,0.1311,up,2026-06-30T12:00:05+09:00,2026-07-19T04:00:02+09:00
own_property,miuraya,三浦屋 / Miuraya,jalan,2026-09-19,24992,28275,3283,0.1314,up,2026-06-30T10:00:06+09:00,2026-07-20T00:00:06+09:00
own_property,miuraya,三浦屋 / Miuraya,jalan,2026-09-21,24288,27492,3204,0.1319,up,2026-06-30T18:00:06+09:00,2026-07-20T02:00:06+09:00
own_property,miuraya,三浦屋 / Miuraya,jalan,2026-10-24,23760,26883,3123,0.1314,up,2026-06-25T10:00:06+09:00,2026-07-19T08:00:06+09:00
own_property,miuraya,三浦屋 / Miuraya,jalan,2026-10-31,23760,26883,3123,0.1314,up,2026-06-14T20:00:06+09:00,2026-07-19T08:00:06+09:00
own_property,miuraya,三浦屋 / Miuraya,jalan,2026-11-07,19712,22272,2560,0.1299,up,2026-06-14T22:00:06+09:00,2026-07-19T12:00:03+09:00
own_property,miuraya,三浦屋 / Miuraya,jalan,2026-11-21,22528,25491,2963,0.1315,up,2026-06-14T22:00:06+09:00,2026-07-19T12:00:03+09:00
own_property,miuraya,三浦屋 / Miuraya,jalan,2026-11-22,21472,24273,2801,0.1304,up,2026-06-15T00:00:02+09:00,2026-07-19T16:00:00+09:00
