target_type,property,display_name,source,checkin,previous_price,latest_price,delta_amount,delta_rate,direction,previous_collected_at_jst,latest_collected_at_jst
competitor,yoshidaya,吉田屋 / 吉田や,booking,2026-06-18,18700,26400,7700,0.4118,up,2026-06-16T22:00:06+09:00,2026-06-17T22:00:06+09:00
competitor,hammond,HAMMOND / ハモンド,booking,2026-06-19,11139,12814,1675,0.1504,up,2026-06-14T00:47:47+09:00,2026-06-17T02:00:06+09:00
competitor,oakhill,OAKHILL / オークヒル,booking,2026-06-20,28600,33000,4400,0.1538,up,2026-06-16T20:00:06+09:00,2026-06-19T22:00:05+09:00
competitor,yoshidaya,吉田屋 / 吉田や,booking,2026-06-20,20000,17000,-3000,-0.15,down,2026-06-17T08:00:05+09:00,2026-06-19T04:00:05+09:00
competitor,hammond,HAMMOND / ハモンド,booking,2026-06-21,10559,11262,703,0.0666,up,2026-06-14T01:51:59+09:00,2026-06-16T06:00:06+09:00
competitor,oakhill,OAKHILL / オークヒル,booking,2026-06-21,19800,25300,5500,0.2778,up,2026-06-17T20:00:06+09:00,2026-06-20T02:00:05+09:00
competitor,oakhill,OAKHILL / オークヒル,booking,2026-06-23,19800,25300,5500,0.2778,up,2026-06-20T06:00:06+09:00,2026-06-22T02:00:05+09:00
competitor,hammond,HAMMOND / ハモンド,booking,2026-06-24,11103,15400,4297,0.387,up,2026-06-21T04:00:05+09:00,2026-06-23T00:00:01+09:00
competitor,yoshidaya,吉田屋 / 吉田や,booking,2026-06-24,18700,17000,-1700,-0.0909,down,2026-06-22T00:00:04+09:00,2026-06-23T02:00:06+09:00
competitor,hammond,HAMMOND / ハモンド,booking,2026-06-26,10342,15400,5058,0.4891,up,2026-06-16T14:00:06+09:00,2026-06-23T02:00:06+09:00
competitor,hammond,HAMMOND / ハモンド,booking,2026-06-27,16879,24200,7321,0.4337,up,2026-06-16T14:00:06+09:00,2026-06-21T08:00:06+09:00
competitor,oakhill,OAKHILL / オークヒル,booking,2026-06-27,28600,35200,6600,0.2308,up,2026-06-23T08:00:06+09:00,2026-06-26T02:00:05+09:00
competitor,hammond,HAMMOND / ハモンド,booking,2026-06-28,10487,14245,3758,0.3583,up,2026-06-23T04:00:06+09:00,2026-06-24T04:00:01+09:00
competitor,oakhill,OAKHILL / オークヒル,booking,2026-06-28,24200,22000,-2200,-0.0909,down,2026-06-25T08:00:06+09:00,2026-06-27T02:00:05+09:00
competitor,yoshidaya,吉田屋 / 吉田や,booking,2026-06-28,18700,26400,7700,0.4118,up,2026-06-26T10:00:06+09:00,2026-06-27T10:00:05+09:00
competitor,hammond,HAMMOND / ハモンド,booking,2026-06-29,21864,12814,-9050,-0.4139,down,2026-06-21T10:00:06+09:00,2026-06-22T10:00:05+09:00
competitor,oakhill,OAKHILL / オークヒル,booking,2026-06-29,24200,25300,1100,0.0455,up,2026-06-23T14:00:05+09:00,2026-06-28T02:00:05+09:00
competitor,yoshidaya,吉田屋 / 吉田や,booking,2026-06-29,18700,26400,7700,0.4118,up,2026-06-27T12:00:06+09:00,2026-06-28T12:00:05+09:00
competitor,oakhill,OAKHILL / オークヒル,booking,2026-06-30,24200,25300,1100,0.0455,up,2026-06-25T04:00:01+09:00,2026-06-29T00:00:06+09:00
competitor,yoshidaya,吉田屋 / 吉田や,booking,2026-06-30,18700,26400,7700,0.4118,up,2026-06-28T14:00:06+09:00,2026-06-29T14:00:05+09:00
competitor,hammond,HAMMOND / ハモンド,booking,2026-07-01,15400,14245,-1155,-0.075,down,2026-06-23T06:00:05+09:00,2026-06-26T08:00:06+09:00
competitor,oakhill,OAKHILL / オークヒル,booking,2026-07-01,19800,25300,5500,0.2778,up,2026-06-28T08:00:06+09:00,2026-06-30T02:00:06+09:00
competitor,yoshidaya,吉田屋 / 吉田や,booking,2026-07-01,18700,26400,7700,0.4118,up,2026-06-29T16:00:05+09:00,2026-06-30T16:00:02+09:00
competitor,hammond,HAMMOND / ハモンド,booking,2026-07-02,15400,14245,-1155,-0.075,down,2026-06-20T22:00:06+09:00,2026-06-27T06:00:06+09:00
competitor,yoshidaya,吉田屋 / 吉田や,booking,2026-07-02,18700,26400,7700,0.4118,up,2026-06-30T18:00:06+09:00,2026-07-01T18:00:06+09:00
competitor,hammond,HAMMOND / ハモンド,booking,2026-07-03,15400,11199,-4201,-0.2728,down,2026-06-23T08:00:06+09:00,2026-07-01T02:00:02+09:00
competitor,oakhill,OAKHILL / オークヒル,booking,2026-07-03,24200,22000,-2200,-0.0909,down,2026-06-26T14:00:05+09:00,2026-07-02T00:00:06+09:00
competitor,yoshidaya,吉田屋 / 吉田や,booking,2026-07-03,18700,26400,7700,0.4118,up,2026-07-01T20:00:06+09:00,2026-07-02T20:00:05+09:00
competitor,hammond,HAMMOND / ハモンド,booking,2026-07-04,16202,24200,7998,0.4936,up,2026-06-15T12:00:05+09:00,2026-06-26T12:00:00+09:00
competitor,oakhill,OAKHILL / オークヒル,booking,2026-07-04,22550,24200,1650,0.0732,up,2026-07-01T06:00:06+09:00,2026-07-03T02:00:06+09:00
competitor,oakhill,OAKHILL / オークヒル,booking,2026-07-05,19800,25300,5500,0.2778,up,2026-07-01T10:00:06+09:00,2026-07-04T00:00:05+09:00
competitor,hammond,HAMMOND / ハモンド,booking,2026-07-06,15400,14245,-1155,-0.075,down,2026-06-22T22:00:06+09:00,2026-07-05T00:00:01+09:00
competitor,oakhill,OAKHILL / オークヒル,booking,2026-07-07,14245,19727,5482,0.3848,up,2026-07-03T08:00:05+09:00,2026-07-05T04:00:06+09:00
competitor,yoshidaya,吉田屋 / 吉田や,booking,2026-07-07,18700,20592,1892,0.1012,up,2026-07-05T10:00:06+09:00,2026-07-06T10:00:06+09:00
competitor,oakhill,OAKHILL / オークヒル,booking,2026-07-08,19727,14245,-5482,-0.2779,down,2026-06-29T22:00:06+09:00,2026-07-05T06:00:05+09:00
competitor,yoshidaya,吉田屋 / 吉田や,booking,2026-07-08,34000,17000,-17000,-0.5,down,2026-07-05T00:00:01+09:00,2026-07-06T00:00:05+09:00
competitor,oakhill,OAKHILL / オークヒル,booking,2026-07-09,17023,20027,3004,0.1765,up,2026-07-07T22:00:06+09:00,2026-07-08T22:00:06+09:00
competitor,yoshidaya,吉田屋 / 吉田や,booking,2026-07-09,18700,11154,-7546,-0.4035,down,2026-07-07T06:00:01+09:00,2026-07-08T06:00:06+09:00
competitor,hammond,HAMMOND / ハモンド,booking,2026-07-10,11019,12964,1945,0.1765,up,2026-07-08T13:35:06+09:00,2026-07-09T13:35:06+09:00
competitor,oakhill,OAKHILL / オークヒル,booking,2026-07-10,19573,23027,3454,0.1765,up,2026-07-08T04:00:06+09:00,2026-07-09T04:00:06+09:00
competitor,yoshidaya,吉田屋 / 吉田や,booking,2026-07-10,18700,20592,1892,0.1012,up,2026-07-08T12:00:06+09:00,2026-07-09T12:00:06+09:00
competitor,hammond,HAMMOND / ハモンド,booking,2026-07-11,14359,24086,9727,0.6774,up,2026-06-28T22:00:05+09:00,2026-07-01T14:00:05+09:00
competitor,hammond,HAMMOND / ハモンド,booking,2026-07-12,12964,14014,1050,0.081,up,2026-07-10T13:35:06+09:00,2026-07-11T13:35:06+09:00
competitor,oakhill,OAKHILL / オークヒル,booking,2026-07-12,23027,18027,-5000,-0.2171,down,2026-07-10T14:00:06+09:00,2026-07-11T14:00:06+09:00
competitor,yoshidaya,吉田屋 / 吉田や,booking,2026-07-12,18700,20592,1892,0.1012,up,2026-07-10T10:00:01+09:00,2026-07-11T10:00:06+09:00
competitor,hammond,HAMMOND / ハモンド,booking,2026-07-13,12964,11373,-1591,-0.1227,down,2026-07-11T13:35:06+09:00,2026-07-12T13:35:00+09:00
competitor,oakhill,OAKHILL / オークヒル,booking,2026-07-13,23027,19800,-3227,-0.1401,down,2026-07-11T14:00:06+09:00,2026-07-12T14:00:01+09:00
competitor,hammond,HAMMOND / ハモンド,booking,2026-07-14,11074,11070,-4,-0.0004,down,2026-07-12T00:00:06+09:00,2026-07-13T00:00:02+09:00
competitor,oakhill,OAKHILL / オークヒル,booking,2026-07-14,16841,18738,1897,0.1126,up,2026-07-12T10:00:06+09:00,2026-07-13T01:04:54+09:00
competitor,yoshidaya,吉田屋 / 吉田や,booking,2026-07-14,18700,11154,-7546,-0.4035,down,2026-07-12T14:00:01+09:00,2026-07-13T01:04:54+09:00
competitor,hammond,HAMMOND / ハモンド,booking,2026-07-15,11373,11132,-241,-0.0212,down,2026-07-13T00:00:02+09:00,2026-07-14T13:35:06+09:00
competitor,oakhill,OAKHILL / オークヒル,booking,2026-07-15,16827,25300,8473,0.5035,up,2026-07-13T01:04:54+09:00,2026-07-14T06:00:06+09:00
competitor,yoshidaya,吉田屋 / 吉田や,booking,2026-07-15,18700,20592,1892,0.1012,up,2026-07-13T01:04:54+09:00,2026-07-14T13:35:06+09:00
competitor,hammond,HAMMOND / ハモンド,booking,2026-07-16,11182,11190,8,0.0007,up,2026-07-14T08:00:06+09:00,2026-07-15T13:35:05+09:00
competitor,oakhill,OAKHILL / オークヒル,booking,2026-07-16,16990,22000,5010,0.2949,up,2026-07-14T13:35:06+09:00,2026-07-15T13:35:05+09:00
competitor,yoshidaya,吉田屋 / 吉田や,booking,2026-07-16,18700,20592,1892,0.1012,up,2026-07-14T12:00:06+09:00,2026-07-15T13:35:05+09:00
competitor,hammond,HAMMOND / ハモンド,booking,2026-07-17,11137,12964,1827,0.164,up,2026-07-15T10:00:05+09:00,2026-07-16T13:35:06+09:00
competitor,oakhill,OAKHILL / オークヒル,booking,2026-07-17,25300,23027,-2273,-0.0898,down,2026-07-15T00:00:05+09:00,2026-07-16T02:00:01+09:00
competitor,yoshidaya,吉田屋 / 吉田や,booking,2026-07-17,18700,20592,1892,0.1012,up,2026-07-15T13:35:05+09:00,2026-07-16T13:35:06+09:00
competitor,hammond,HAMMOND / ハモンド,booking,2026-07-18,48014,37014,-11000,-0.2291,down,2026-07-16T12:00:06+09:00,2026-07-17T13:35:06+09:00
competitor,oakhill,OAKHILL / オークヒル,booking,2026-07-18,40700,52027,11327,0.2783,up,2026-07-15T13:35:05+09:00,2026-07-16T13:35:06+09:00
competitor,yoshidaya,吉田屋 / 吉田や,booking,2026-07-18,27456,30888,3432,0.125,up,2026-07-11T18:00:05+09:00,2026-07-12T18:00:06+09:00
competitor,oakhill,OAKHILL / オークヒル,booking,2026-07-19,23027,38027,15000,0.6514,up,2026-07-17T13:35:06+09:00,2026-07-18T13:35:06+09:00
competitor,hammond,HAMMOND / ハモンド,booking,2026-07-20,12964,14245,1281,0.0988,up,2026-07-17T10:00:06+09:00,2026-07-18T12:00:01+09:00
competitor,oakhill,OAKHILL / オークヒル,booking,2026-07-20,36727,14245,-22482,-0.6121,down,2026-07-04T18:00:06+09:00,2026-07-05T20:00:06+09:00
competitor,oakhill,OAKHILL / オークヒル,booking,2026-07-21,32727,14245,-18482,-0.5647,down,2026-07-04T22:00:06+09:00,2026-07-06T00:00:05+09:00
competitor,hammond,HAMMOND / ハモンド,booking,2026-07-22,12964,14014,1050,0.081,up,2026-07-16T02:00:01+09:00,2026-07-17T02:00:06+09:00
competitor,hammond,HAMMOND / ハモンド,booking,2026-07-23,14014,12964,-1050,-0.0749,down,2026-07-17T04:00:06+09:00,2026-07-18T16:00:06+09:00
competitor,oakhill,OAKHILL / オークヒル,booking,2026-07-23,25727,14245,-11482,-0.4463,down,2026-07-04T00:00:05+09:00,2026-07-05T08:00:03+09:00
competitor,hammond,HAMMOND / ハモンド,booking,2026-07-24,14014,12964,-1050,-0.0749,down,2026-07-17T06:00:06+09:00,2026-07-18T18:00:06+09:00
competitor,oakhill,OAKHILL / オークヒル,booking,2026-07-25,27037,30027,2990,0.1106,up,2026-07-15T18:00:06+09:00,2026-07-17T12:00:06+09:00
competitor,hammond,HAMMOND / ハモンド,booking,2026-07-26,14014,11197,-2817,-0.201,down,2026-07-17T08:00:06+09:00,2026-07-18T22:00:06+09:00
competitor,hammond,HAMMOND / ハモンド,booking,2026-07-27,10933,12964,2031,0.1858,up,2026-07-18T00:00:01+09:00,2026-07-19T00:00:02+09:00
competitor,hammond,HAMMOND / ハモンド,booking,2026-07-28,11196,11197,1,0.0001,up,2026-07-17T10:00:06+09:00,2026-07-18T22:00:06+09:00
competitor,hammond,HAMMOND / ハモンド,booking,2026-07-29,11196,11197,1,0.0001,up,2026-07-17T22:00:05+09:00,2026-07-19T02:00:06+09:00
competitor,hammond,HAMMOND / ハモンド,booking,2026-07-30,14014,11197,-2817,-0.201,down,2026-07-17T12:00:06+09:00,2026-07-19T04:00:02+09:00
competitor,hammond,HAMMOND / ハモンド,booking,2026-08-01,30014,28514,-1500,-0.05,down,2026-07-17T14:00:06+09:00,2026-07-19T06:00:06+09:00
competitor,oakhill,OAKHILL / オークヒル,booking,2026-08-01,26027,30027,4000,0.1537,up,2026-07-16T12:00:06+09:00,2026-07-17T22:00:05+09:00
competitor,oakhill,OAKHILL / オークヒル,booking,2026-08-02,21371,20527,-844,-0.0395,down,2026-07-15T04:00:06+09:00,2026-07-17T14:00:06+09:00
competitor,hammond,HAMMOND / ハモンド,booking,2026-08-03,16514,15664,-850,-0.0515,down,2026-07-17T16:00:05+09:00,2026-07-18T18:00:06+09:00
competitor,oakhill,OAKHILL / オークヒル,booking,2026-08-04,20527,20881,354,0.0172,up,2026-07-16T18:00:06+09:00,2026-07-18T00:00:01+09:00
competitor,hammond,HAMMOND / ハモンド,booking,2026-08-06,24014,22014,-2000,-0.0833,down,2026-07-17T18:00:06+09:00,2026-07-19T04:00:02+09:00
competitor,oakhill,OAKHILL / オークヒル,booking,2026-08-06,20527,20881,354,0.0172,up,2026-07-16T20:00:06+09:00,2026-07-18T00:00:01+09:00
competitor,hammond,HAMMOND / ハモンド,booking,2026-08-07,22014,18664,-3350,-0.1522,down,2026-07-17T20:00:06+09:00,2026-07-19T06:00:06+09:00
competitor,hammond,HAMMOND / ハモンド,booking,2026-08-08,52014,37739,-14275,-0.2744,down,2026-07-16T14:00:05+09:00,2026-07-18T00:00:01+09:00
competitor,hammond,HAMMOND / ハモンド,booking,2026-08-09,41014,37014,-4000,-0.0975,down,2026-07-16T20:00:06+09:00,2026-07-17T20:00:06+09:00
competitor,hammond,HAMMOND / ハモンド,booking,2026-08-10,41014,32386,-8628,-0.2104,down,2026-07-16T20:00:06+09:00,2026-07-18T02:00:06+09:00
competitor,yoshidaya,吉田屋 / 吉田や,booking,2026-08-11,34100,27456,-6644,-0.1948,down,2026-07-17T04:00:06+09:00,2026-07-19T02:00:06+09:00
competitor,hammond,HAMMOND / ハモンド,booking,2026-08-14,31515,41014,9499,0.3014,up,2026-07-14T06:00:06+09:00,2026-07-18T06:00:05+09:00
competitor,hammond,HAMMOND / ハモンド,booking,2026-08-15,29590,29007,-583,-0.0197,down,2026-07-17T14:00:06+09:00,2026-07-18T16:00:06+09:00
competitor,hammond,HAMMOND / ハモンド,booking,2026-08-16,17765,22014,4249,0.2392,up,2026-07-12T18:00:06+09:00,2026-07-18T06:00:05+09:00
competitor,hammond,HAMMOND / ハモンド,booking,2026-08-21,17626,18664,1038,0.0589,up,2026-07-11T20:00:06+09:00,2026-07-18T08:00:06+09:00
competitor,oakhill,OAKHILL / オークヒル,booking,2026-08-21,38027,41800,3773,0.0992,up,2026-07-17T06:00:06+09:00,2026-07-18T12:00:01+09:00
competitor,hammond,HAMMOND / ハモンド,booking,2026-08-22,22913,31350,8437,0.3682,up,2026-07-12T20:00:06+09:00,2026-07-18T12:00:01+09:00
competitor,hammond,HAMMOND / ハモンド,booking,2026-08-23,17276,18664,1388,0.0803,up,2026-07-12T20:00:06+09:00,2026-07-18T14:00:06+09:00
competitor,hammond,HAMMOND / ハモンド,booking,2026-08-28,20515,18664,-1851,-0.0902,down,2026-07-11T22:00:06+09:00,2026-07-18T14:00:06+09:00
competitor,hammond,HAMMOND / ハモンド,booking,2026-08-29,25465,22277,-3188,-0.1252,down,2026-07-11T22:00:06+09:00,2026-07-12T22:00:06+09:00
