target_type,property,display_name,source,checkin,previous_price,latest_price,delta_amount,delta_rate,direction,previous_collected_at_jst,latest_collected_at_jst
competitor,yoshidaya,吉田屋 / 吉田や,booking,2026-06-18,18700,26400,7700,0.4118,up,2026-06-16T22:00:06+09:00,2026-06-17T22:00:06+09:00
competitor,hammond,HAMMOND / ハモンド,booking,2026-06-19,11139,12814,1675,0.1504,up,2026-06-14T00:47:47+09:00,2026-06-17T02:00:06+09:00
competitor,oakhill,OAKHILL / オークヒル,booking,2026-06-20,28600,33000,4400,0.1538,up,2026-06-16T20:00:06+09:00,2026-06-19T22:00:05+09:00
competitor,yoshidaya,吉田屋 / 吉田や,booking,2026-06-20,20000,17000,-3000,-0.15,down,2026-06-17T08:00:05+09:00,2026-06-19T04:00:05+09:00
competitor,hammond,HAMMOND / ハモンド,booking,2026-06-21,10559,11262,703,0.0666,up,2026-06-14T01:51:59+09:00,2026-06-16T06:00:06+09:00
competitor,oakhill,OAKHILL / オークヒル,booking,2026-06-21,19800,25300,5500,0.2778,up,2026-06-17T20:00:06+09:00,2026-06-20T02:00:05+09:00
competitor,oakhill,OAKHILL / オークヒル,booking,2026-06-23,19800,25300,5500,0.2778,up,2026-06-20T06:00:06+09:00,2026-06-22T02:00:05+09:00
competitor,hammond,HAMMOND / ハモンド,booking,2026-06-24,11103,15400,4297,0.387,up,2026-06-21T04:00:05+09:00,2026-06-23T00:00:01+09:00
competitor,yoshidaya,吉田屋 / 吉田や,booking,2026-06-24,18700,17000,-1700,-0.0909,down,2026-06-22T00:00:04+09:00,2026-06-23T02:00:06+09:00
competitor,hammond,HAMMOND / ハモンド,booking,2026-06-26,10342,15400,5058,0.4891,up,2026-06-16T14:00:06+09:00,2026-06-23T02:00:06+09:00
competitor,hammond,HAMMOND / ハモンド,booking,2026-06-27,16879,24200,7321,0.4337,up,2026-06-16T14:00:06+09:00,2026-06-21T08:00:06+09:00
competitor,oakhill,OAKHILL / オークヒル,booking,2026-06-27,28600,35200,6600,0.2308,up,2026-06-23T08:00:06+09:00,2026-06-26T02:00:05+09:00
competitor,hammond,HAMMOND / ハモンド,booking,2026-06-28,10487,14245,3758,0.3583,up,2026-06-23T04:00:06+09:00,2026-06-24T04:00:01+09:00
competitor,oakhill,OAKHILL / オークヒル,booking,2026-06-28,24200,22000,-2200,-0.0909,down,2026-06-25T08:00:06+09:00,2026-06-27T02:00:05+09:00
competitor,yoshidaya,吉田屋 / 吉田や,booking,2026-06-28,18700,26400,7700,0.4118,up,2026-06-26T10:00:06+09:00,2026-06-27T10:00:05+09:00
competitor,hammond,HAMMOND / ハモンド,booking,2026-06-29,21864,12814,-9050,-0.4139,down,2026-06-21T10:00:06+09:00,2026-06-22T10:00:05+09:00
competitor,oakhill,OAKHILL / オークヒル,booking,2026-06-29,24200,25300,1100,0.0455,up,2026-06-23T14:00:05+09:00,2026-06-28T02:00:05+09:00
competitor,yoshidaya,吉田屋 / 吉田や,booking,2026-06-29,18700,26400,7700,0.4118,up,2026-06-27T12:00:06+09:00,2026-06-28T12:00:05+09:00
competitor,oakhill,OAKHILL / オークヒル,booking,2026-06-30,24200,25300,1100,0.0455,up,2026-06-25T04:00:01+09:00,2026-06-29T00:00:06+09:00
competitor,yoshidaya,吉田屋 / 吉田や,booking,2026-06-30,18700,26400,7700,0.4118,up,2026-06-28T14:00:06+09:00,2026-06-29T14:00:05+09:00
competitor,hammond,HAMMOND / ハモンド,booking,2026-07-01,15400,14245,-1155,-0.075,down,2026-06-23T06:00:05+09:00,2026-06-26T08:00:06+09:00
competitor,oakhill,OAKHILL / オークヒル,booking,2026-07-01,19800,25300,5500,0.2778,up,2026-06-28T08:00:06+09:00,2026-06-30T02:00:06+09:00
competitor,yoshidaya,吉田屋 / 吉田や,booking,2026-07-01,18700,26400,7700,0.4118,up,2026-06-29T16:00:05+09:00,2026-06-30T16:00:02+09:00
competitor,hammond,HAMMOND / ハモンド,booking,2026-07-02,15400,14245,-1155,-0.075,down,2026-06-20T22:00:06+09:00,2026-06-27T06:00:06+09:00
competitor,yoshidaya,吉田屋 / 吉田や,booking,2026-07-02,18700,26400,7700,0.4118,up,2026-06-30T18:00:06+09:00,2026-07-01T18:00:06+09:00
competitor,hammond,HAMMOND / ハモンド,booking,2026-07-03,15400,11199,-4201,-0.2728,down,2026-06-23T08:00:06+09:00,2026-07-01T02:00:02+09:00
competitor,oakhill,OAKHILL / オークヒル,booking,2026-07-03,24200,22000,-2200,-0.0909,down,2026-06-26T14:00:05+09:00,2026-07-02T00:00:06+09:00
competitor,yoshidaya,吉田屋 / 吉田や,booking,2026-07-03,18700,26400,7700,0.4118,up,2026-07-01T20:00:06+09:00,2026-07-02T20:00:05+09:00
competitor,hammond,HAMMOND / ハモンド,booking,2026-07-04,16202,24200,7998,0.4936,up,2026-06-15T12:00:05+09:00,2026-06-26T12:00:00+09:00
competitor,oakhill,OAKHILL / オークヒル,booking,2026-07-04,22550,24200,1650,0.0732,up,2026-07-01T06:00:06+09:00,2026-07-03T02:00:06+09:00
competitor,oakhill,OAKHILL / オークヒル,booking,2026-07-05,19800,25300,5500,0.2778,up,2026-07-01T10:00:06+09:00,2026-07-04T00:00:05+09:00
competitor,hammond,HAMMOND / ハモンド,booking,2026-07-06,15400,14245,-1155,-0.075,down,2026-06-22T22:00:06+09:00,2026-07-05T00:00:01+09:00
competitor,oakhill,OAKHILL / オークヒル,booking,2026-07-07,14245,19727,5482,0.3848,up,2026-07-03T08:00:05+09:00,2026-07-05T04:00:06+09:00
competitor,yoshidaya,吉田屋 / 吉田や,booking,2026-07-07,18700,20592,1892,0.1012,up,2026-07-05T10:00:06+09:00,2026-07-06T10:00:06+09:00
competitor,oakhill,OAKHILL / オークヒル,booking,2026-07-08,19727,14245,-5482,-0.2779,down,2026-06-29T22:00:06+09:00,2026-07-05T06:00:05+09:00
competitor,yoshidaya,吉田屋 / 吉田や,booking,2026-07-08,34000,17000,-17000,-0.5,down,2026-07-05T00:00:01+09:00,2026-07-06T00:00:05+09:00
competitor,oakhill,OAKHILL / オークヒル,booking,2026-07-09,17023,20027,3004,0.1765,up,2026-07-07T22:00:06+09:00,2026-07-08T22:00:06+09:00
competitor,yoshidaya,吉田屋 / 吉田や,booking,2026-07-09,18700,11154,-7546,-0.4035,down,2026-07-07T06:00:01+09:00,2026-07-08T06:00:06+09:00
competitor,hammond,HAMMOND / ハモンド,booking,2026-07-10,11019,12964,1945,0.1765,up,2026-07-08T13:35:06+09:00,2026-07-09T13:35:06+09:00
competitor,oakhill,OAKHILL / オークヒル,booking,2026-07-10,19573,23027,3454,0.1765,up,2026-07-08T04:00:06+09:00,2026-07-09T04:00:06+09:00
competitor,yoshidaya,吉田屋 / 吉田や,booking,2026-07-10,18700,20592,1892,0.1012,up,2026-07-08T12:00:06+09:00,2026-07-09T12:00:06+09:00
competitor,hammond,HAMMOND / ハモンド,booking,2026-07-11,14359,24086,9727,0.6774,up,2026-06-28T22:00:05+09:00,2026-07-01T14:00:05+09:00
competitor,hammond,HAMMOND / ハモンド,booking,2026-07-12,12964,14014,1050,0.081,up,2026-07-10T13:35:06+09:00,2026-07-11T13:35:06+09:00
competitor,oakhill,OAKHILL / オークヒル,booking,2026-07-12,23027,18027,-5000,-0.2171,down,2026-07-10T14:00:06+09:00,2026-07-11T14:00:06+09:00
competitor,yoshidaya,吉田屋 / 吉田や,booking,2026-07-12,18700,20592,1892,0.1012,up,2026-07-10T10:00:01+09:00,2026-07-11T10:00:06+09:00
competitor,hammond,HAMMOND / ハモンド,booking,2026-07-13,12964,11373,-1591,-0.1227,down,2026-07-11T13:35:06+09:00,2026-07-12T13:35:00+09:00
competitor,oakhill,OAKHILL / オークヒル,booking,2026-07-13,23027,19800,-3227,-0.1401,down,2026-07-11T14:00:06+09:00,2026-07-12T14:00:01+09:00
competitor,hammond,HAMMOND / ハモンド,booking,2026-07-14,11074,11070,-4,-0.0004,down,2026-07-12T00:00:06+09:00,2026-07-13T00:00:02+09:00
competitor,oakhill,OAKHILL / オークヒル,booking,2026-07-14,16841,18738,1897,0.1126,up,2026-07-12T10:00:06+09:00,2026-07-13T01:04:54+09:00
competitor,yoshidaya,吉田屋 / 吉田や,booking,2026-07-14,18700,11154,-7546,-0.4035,down,2026-07-12T14:00:01+09:00,2026-07-13T01:04:54+09:00
competitor,hammond,HAMMOND / ハモンド,booking,2026-07-15,11535,11373,-162,-0.014,down,2026-07-12T00:00:06+09:00,2026-07-13T00:00:02+09:00
competitor,oakhill,OAKHILL / オークヒル,booking,2026-07-15,25300,16827,-8473,-0.3349,down,2026-07-12T22:00:06+09:00,2026-07-13T01:04:54+09:00
competitor,hammond,HAMMOND / ハモンド,booking,2026-07-16,11367,10964,-403,-0.0355,down,2026-07-12T13:35:00+09:00,2026-07-13T01:04:54+09:00
competitor,oakhill,OAKHILL / オークヒル,booking,2026-07-16,17013,19011,1998,0.1174,up,2026-07-12T20:00:06+09:00,2026-07-13T01:04:54+09:00
competitor,hammond,HAMMOND / ハモンド,booking,2026-07-17,12964,11210,-1754,-0.1353,down,2026-07-11T13:35:06+09:00,2026-07-12T13:35:00+09:00
competitor,oakhill,OAKHILL / オークヒル,booking,2026-07-17,20639,19678,-961,-0.0466,down,2026-07-11T18:00:05+09:00,2026-07-12T18:00:06+09:00
competitor,hammond,HAMMOND / ハモンド,booking,2026-07-18,43014,34385,-8629,-0.2006,down,2026-07-11T13:35:06+09:00,2026-07-12T13:35:00+09:00
competitor,yoshidaya,吉田屋 / 吉田や,booking,2026-07-18,27456,30888,3432,0.125,up,2026-07-11T18:00:05+09:00,2026-07-12T18:00:06+09:00
competitor,hammond,HAMMOND / ハモンド,booking,2026-07-19,28514,22913,-5601,-0.1964,down,2026-07-11T13:35:06+09:00,2026-07-12T13:35:00+09:00
competitor,oakhill,OAKHILL / オークヒル,booking,2026-07-19,37027,28600,-8427,-0.2276,down,2026-07-11T16:00:06+09:00,2026-07-12T16:00:06+09:00
competitor,hammond,HAMMOND / ハモンド,booking,2026-07-20,10936,11070,134,0.0123,up,2026-07-11T02:00:05+09:00,2026-07-12T13:35:00+09:00
competitor,oakhill,OAKHILL / オークヒル,booking,2026-07-20,36727,14245,-22482,-0.6121,down,2026-07-04T18:00:06+09:00,2026-07-05T20:00:06+09:00
competitor,hammond,HAMMOND / ハモンド,booking,2026-07-21,11137,10996,-141,-0.0127,down,2026-07-11T02:00:05+09:00,2026-07-12T02:00:05+09:00
competitor,oakhill,OAKHILL / オークヒル,booking,2026-07-21,32727,14245,-18482,-0.5647,down,2026-07-04T22:00:06+09:00,2026-07-06T00:00:05+09:00
competitor,hammond,HAMMOND / ハモンド,booking,2026-07-22,11074,10964,-110,-0.0099,down,2026-07-12T02:00:05+09:00,2026-07-13T02:00:06+09:00
competitor,hammond,HAMMOND / ハモンド,booking,2026-07-23,14014,11028,-2986,-0.2131,down,2026-07-11T04:00:06+09:00,2026-07-13T02:00:06+09:00
competitor,oakhill,OAKHILL / オークヒル,booking,2026-07-23,25727,14245,-11482,-0.4463,down,2026-07-04T00:00:05+09:00,2026-07-05T08:00:03+09:00
competitor,hammond,HAMMOND / ハモンド,booking,2026-07-24,10902,11070,168,0.0154,up,2026-07-12T04:00:06+09:00,2026-07-13T04:00:06+09:00
competitor,hammond,HAMMOND / ハモンド,booking,2026-07-25,17768,17765,-3,-0.0002,down,2026-07-12T04:00:06+09:00,2026-07-13T04:00:06+09:00
competitor,oakhill,OAKHILL / オークヒル,booking,2026-07-25,30027,27088,-2939,-0.0979,down,2026-07-11T10:00:06+09:00,2026-07-12T23:49:00+09:00
competitor,hammond,HAMMOND / ハモンド,booking,2026-07-26,16514,10964,-5550,-0.3361,down,2026-07-11T06:00:06+09:00,2026-07-13T06:00:06+09:00
competitor,oakhill,OAKHILL / オークヒル,booking,2026-07-26,17030,24200,7170,0.421,up,2026-07-11T12:00:00+09:00,2026-07-12T12:00:00+09:00
competitor,hammond,HAMMOND / ハモンド,booking,2026-07-27,11373,11541,168,0.0148,up,2026-07-12T06:00:06+09:00,2026-07-13T06:00:06+09:00
competitor,oakhill,OAKHILL / オークヒル,booking,2026-07-27,16843,22000,5157,0.3062,up,2026-07-11T20:00:06+09:00,2026-07-12T20:00:06+09:00
competitor,hammond,HAMMOND / ハモンド,booking,2026-07-28,11070,15400,4330,0.3911,up,2026-07-12T06:00:06+09:00,2026-07-13T08:00:06+09:00
competitor,oakhill,OAKHILL / オークヒル,booking,2026-07-28,16857,19800,2943,0.1746,up,2026-07-11T12:00:00+09:00,2026-07-12T12:00:00+09:00
competitor,hammond,HAMMOND / ハモンド,booking,2026-07-29,14014,11373,-2641,-0.1885,down,2026-07-11T08:00:06+09:00,2026-07-13T10:00:06+09:00
competitor,oakhill,OAKHILL / オークヒル,booking,2026-07-29,17798,18754,956,0.0537,up,2026-07-12T04:00:06+09:00,2026-07-13T04:00:06+09:00
competitor,hammond,HAMMOND / ハモンド,booking,2026-07-30,11206,15400,4194,0.3743,up,2026-07-12T08:00:06+09:00,2026-07-13T08:00:06+09:00
competitor,oakhill,OAKHILL / オークヒル,booking,2026-07-30,17030,17013,-17,-0.001,down,2026-07-12T02:00:05+09:00,2026-07-13T02:00:06+09:00
competitor,oakhill,OAKHILL / オークヒル,booking,2026-07-31,16843,16979,136,0.0081,up,2026-07-12T06:00:06+09:00,2026-07-13T06:00:06+09:00
competitor,hammond,HAMMOND / ハモンド,booking,2026-08-01,25465,23164,-2301,-0.0904,down,2026-07-10T10:00:01+09:00,2026-07-11T10:00:06+09:00
competitor,oakhill,OAKHILL / オークヒル,booking,2026-08-01,27378,27352,-26,-0.0009,down,2026-07-12T00:00:06+09:00,2026-07-13T00:00:02+09:00
competitor,hammond,HAMMOND / ハモンド,booking,2026-08-02,16514,13326,-3188,-0.193,down,2026-07-11T10:00:06+09:00,2026-07-12T10:00:06+09:00
competitor,oakhill,OAKHILL / オークヒル,booking,2026-08-02,20527,22550,2023,0.0986,up,2026-07-11T04:00:06+09:00,2026-07-12T16:00:06+09:00
competitor,hammond,HAMMOND / ハモンド,booking,2026-08-03,16514,12967,-3547,-0.2148,down,2026-07-10T12:00:07+09:00,2026-07-12T10:00:06+09:00
competitor,oakhill,OAKHILL / オークヒル,booking,2026-08-03,22550,21566,-984,-0.0436,down,2026-07-12T02:00:05+09:00,2026-07-13T02:00:06+09:00
competitor,hammond,HAMMOND / ハモンド,booking,2026-08-04,15664,13330,-2334,-0.149,down,2026-07-10T12:00:07+09:00,2026-07-11T12:00:00+09:00
competitor,oakhill,OAKHILL / オークヒル,booking,2026-08-04,20527,22550,2023,0.0986,up,2026-07-11T06:00:06+09:00,2026-07-12T14:00:01+09:00
competitor,hammond,HAMMOND / ハモンド,booking,2026-08-05,17280,17276,-4,-0.0002,down,2026-07-11T12:00:00+09:00,2026-07-12T12:00:00+09:00
competitor,oakhill,OAKHILL / オークヒル,booking,2026-08-05,22244,20629,-1615,-0.0726,down,2026-07-12T10:00:06+09:00,2026-07-13T10:00:06+09:00
competitor,hammond,HAMMOND / ハモンド,booking,2026-08-06,17276,17765,489,0.0283,up,2026-07-09T14:00:05+09:00,2026-07-12T12:00:00+09:00
competitor,oakhill,OAKHILL / オークヒル,booking,2026-08-06,20527,21358,831,0.0405,up,2026-07-11T04:00:06+09:00,2026-07-13T00:00:02+09:00
competitor,hammond,HAMMOND / ハモンド,booking,2026-08-07,21741,24014,2273,0.1045,up,2026-07-09T14:00:05+09:00,2026-07-10T14:00:06+09:00
competitor,oakhill,OAKHILL / オークヒル,booking,2026-08-07,20527,22550,2023,0.0986,up,2026-07-11T16:00:06+09:00,2026-07-13T08:00:06+09:00
competitor,yoshidaya,吉田屋 / 吉田や,booking,2026-08-07,30800,24024,-6776,-0.22,down,2026-06-14T16:00:05+09:00,2026-07-12T23:49:00+09:00
competitor,oakhill,OAKHILL / オークヒル,booking,2026-08-08,41194,41154,-40,-0.001,down,2026-07-12T00:00:06+09:00,2026-07-13T10:00:06+09:00
competitor,yoshidaya,吉田屋 / 吉田や,booking,2026-08-08,39600,27456,-12144,-0.3067,down,2026-06-14T18:00:06+09:00,2026-07-13T02:00:06+09:00
competitor,hammond,HAMMOND / ハモンド,booking,2026-08-09,37014,31587,-5427,-0.1466,down,2026-07-11T14:00:06+09:00,2026-07-12T14:00:01+09:00
competitor,oakhill,OAKHILL / オークヒル,booking,2026-08-09,39527,41526,1999,0.0506,up,2026-07-09T02:00:03+09:00,2026-07-11T02:00:05+09:00
competitor,yoshidaya,吉田屋 / 吉田や,booking,2026-08-09,39600,30888,-8712,-0.22,down,2026-06-14T18:00:06+09:00,2026-07-13T04:00:06+09:00
competitor,hammond,HAMMOND / ハモンド,booking,2026-08-10,41014,32501,-8513,-0.2076,down,2026-07-10T16:00:06+09:00,2026-07-12T14:00:01+09:00
competitor,oakhill,OAKHILL / オークヒル,booking,2026-08-10,43450,39527,-3923,-0.0903,down,2026-07-04T08:00:06+09:00,2026-07-09T04:00:06+09:00
competitor,yoshidaya,吉田屋 / 吉田や,booking,2026-08-10,39600,30888,-8712,-0.22,down,2026-06-14T20:00:06+09:00,2026-07-13T08:00:06+09:00
competitor,hammond,HAMMOND / ハモンド,booking,2026-08-11,33664,52014,18350,0.5451,up,2026-07-10T16:00:06+09:00,2026-07-11T16:00:06+09:00
competitor,oakhill,OAKHILL / オークヒル,booking,2026-08-11,50600,46027,-4573,-0.0904,down,2026-07-03T00:00:01+09:00,2026-07-09T06:00:06+09:00
competitor,hammond,HAMMOND / ハモンド,booking,2026-08-12,33664,57200,23536,0.6991,up,2026-07-11T16:00:06+09:00,2026-07-12T16:00:06+09:00
competitor,hammond,HAMMOND / ハモンド,booking,2026-08-13,33664,37015,3351,0.0995,up,2026-07-10T18:00:06+09:00,2026-07-12T16:00:06+09:00
competitor,hammond,HAMMOND / ハモンド,booking,2026-08-14,28664,31515,2851,0.0995,up,2026-07-10T18:00:06+09:00,2026-07-11T18:00:05+09:00
competitor,hammond,HAMMOND / ハモンド,booking,2026-08-15,29004,29614,610,0.021,up,2026-07-11T18:00:05+09:00,2026-07-12T18:00:06+09:00
competitor,hammond,HAMMOND / ハモンド,booking,2026-08-16,18664,17765,-899,-0.0482,down,2026-07-10T20:00:05+09:00,2026-07-12T18:00:06+09:00
competitor,hammond,HAMMOND / ハモンド,booking,2026-08-21,18664,17626,-1038,-0.0556,down,2026-07-10T20:00:05+09:00,2026-07-11T20:00:06+09:00
competitor,hammond,HAMMOND / ハモンド,booking,2026-08-22,22916,22913,-3,-0.0001,down,2026-07-11T20:00:06+09:00,2026-07-12T20:00:06+09:00
competitor,hammond,HAMMOND / ハモンド,booking,2026-08-23,18664,17276,-1388,-0.0744,down,2026-07-10T22:00:06+09:00,2026-07-12T20:00:06+09:00
competitor,hammond,HAMMOND / ハモンド,booking,2026-08-28,18664,20515,1851,0.0992,up,2026-07-10T22:00:06+09:00,2026-07-11T22:00:06+09:00
competitor,hammond,HAMMOND / ハモンド,booking,2026-08-29,25465,22277,-3188,-0.1252,down,2026-07-11T22:00:06+09:00,2026-07-12T22:00:06+09:00
